
@misc{n2oReference,
  title     = "Thermophysical properties of nitrous oxide",
  journal   = "IHS ESDU",
  number    = "91022",
  year      = "1991",
  url       = "http://edge.rit.edu/edge/P07106/public/Nox.pdf",
}

@misc{MatlabPVchart,
  title     = "Matlab code for generating the P-V chart of N2O",
  year      = "2016",
  url       = "https://github.com/TerrassaRocketTeam/H70-rattworks-previousReport/tree/master/matlab",
}